@article{Planck:2018vyg,
	author = "Aghanim, N. and others",
	collaboration = "Planck",
	title = "{Planck 2018 results. VI. Cosmological parameters}",
	eprint = "1807.06209",
	archivePrefix = "arXiv",
	primaryClass = "astro-ph.CO",
	doi = "10.1051/0004-6361/201833910",
	journal = "Astron. Astrophys.",
	volume = "641",
	pages = "A6",
	year = "2020",
	note = "[Erratum: Astron.Astrophys. 652, C4 (2021)]"
}

@misc{USGS_EarthExplorer,
	author       = "{U.S. Geological Survey}",
	title        = "{EarthExplorer: Terrain Elevation Data}",
	howpublished = "\url{https://earthexplorer.usgs.gov}",
	note         = "Accessed: 20/09/2024. Extracted terrain elevation data.",
	year         = "2024"
}

@book{Bishop2006,
	author    = {Christopher M. Bishop},
	title     = {Pattern Recognition and Machine Learning},
	publisher = {Springer},
	year      = {2006},
	volume    = {1},
	pages     = {740},
}
