@article{Planck:2018vyg,
	author = "Aghanim, N. and others",
	collaboration = "Planck",
	title = "{Planck 2018 results. VI. Cosmological parameters}",
	eprint = "1807.06209",
	archivePrefix = "arXiv",
	primaryClass = "astro-ph.CO",
	doi = "10.1051/0004-6361/201833910",
	journal = "Astron. Astrophys.",
	volume = "641",
	pages = "A6",
	year = "2020",
	note = "[Erratum: Astron.Astrophys. 652, C4 (2021)]"
}
