@article{Planck:2018vyg,
	author = "Aghanim, N. and others",
	collaboration = "Planck",
	title = "{Planck 2018 results. VI. Cosmological parameters}",
	eprint = "1807.06209",
	archivePrefix = "arXiv",
	primaryClass = "astro-ph.CO",
	doi = "10.1051/0004-6361/201833910",
	journal = "Astron. Astrophys.",
	volume = "641",
	pages = "A6",
	year = "2020",
	note = "[Erratum: Astron.Astrophys. 652, C4 (2021)]"
}

@book{Dodelson:2003ft,
	author = "Dodelson, Scott",
	title = "{Modern Cosmology}",
	isbn = "978-0-12-219141-1",
	publisher = "Academic Press",
	address = "Amsterdam",
	year = "2003"
}

@article{SDSS:2014iwm,
	author = "Betoule, M. and others",
	collaboration = "SDSS",
	title = "{Improved cosmological constraints from a joint analysis of the SDSS-II and SNLS supernova samples}",
	eprint = "1401.4064",
	archivePrefix = "arXiv",
	primaryClass = "astro-ph.CO",
	reportNumber = "FERMILAB-PUB-14-013-A-AE",
	doi = "10.1051/0004-6361/201423413",
	journal = "Astron. Astrophys.",
	volume = "568",
	pages = "A22",
	year = "2014"
}

@article{Davis_2004,
	title={Expanding Confusion: Common Misconceptions of Cosmological Horizons and the Superluminal Expansion of the Universe},
	volume={21},
	ISSN={1448-6083},
	url={http://dx.doi.org/10.1071/AS03040},
	DOI={10.1071/as03040},
	number={1},
	journal={Publications of the Astronomical Society of Australia},
	publisher={Cambridge University Press (CUP)},
	author={Davis, Tamara M. and Lineweaver, Charles H.},
	year={2004},
	pages={97–109} }

@misc{AST5220LectureNotes,
	author = {Winther, Hans A. and Eriksen, Hans K. and Elgaroy, Oystein and Mota, David F. and Ihle, Havard},
	title = "Cosmology {II}",
	year = {2023},
	howpublished = {\url{https://cmb.wintherscoming.no/}},
	note = {Accessed on March 1, 2023}
}

@article{Di_Valentino_2021,
	title={In the realm of the Hubble tension—a review of solutions
		*},
	volume={38},
	ISSN={1361-6382},
	url={http://dx.doi.org/10.1088/1361-6382/ac086d},
	DOI={10.1088/1361-6382/ac086d},
	number={15},
	journal={Classical and Quantum Gravity},
	publisher={IOP Publishing},
	author={Di Valentino, Eleonora and Mena, Olga and Pan, Supriya and Visinelli, Luca and Yang, Weiqiang and Melchiorri, Alessandro and Mota, David F and Riess, Adam G and Silk, Joseph},
	year={2021},
	month=jul, pages={153001} }

@article{Doran:2005ep,
	author = "Doran, Michael",
	title = "{Speeding up cosmological Boltzmann codes}",
	eprint = "astro-ph/0503277",
	archivePrefix = "arXiv",
	reportNumber = "HD-THEP-05-03",
	doi = "10.1088/1475-7516/2005/06/011",
	journal = "JCAP",
	volume = "06",
	pages = "011",
	year = "2005"
}

@article{Gott:2003pf,
	author = "Gott, III, J. Richard and Juric, Mario and Schlegel, David and Hoyle, Fiona and Vogeley, Michael and Tegmark, Max and Bahcall, Neta A. and Brinkmann, Jon",
	title = "{A map of the universe}",
	eprint = "astro-ph/0310571",
	archivePrefix = "arXiv",
	doi = "10.1086/428890",
	journal = "Astrophys. J.",
	volume = "624",
	pages = "463",
	year = "2005"
}

@book{Carroll:2004st,
	author = "Carroll, Sean M.",
	title = "{Spacetime and Geometry}: {An Introduction to General Relativity}",
	doi = "10.1017/9781108770385",
	isbn = "978-0-8053-8732-2, 978-1-108-48839-6, 978-1-108-77555-7",
	publisher = "Cambridge University Press",
	month = "7",
	year = "2019"
}

@article{Hlozek_2012,
	title={THE ATACAMA COSMOLOGY TELESCOPE: A MEASUREMENT OF THE PRIMORDIAL POWER SPECTRUM},
	volume={749},
	ISSN={1538-4357},
	url={http://dx.doi.org/10.1088/0004-637X/749/1/90},
	DOI={10.1088/0004-637x/749/1/90},
	number={1},
	journal={The Astrophysical Journal},
	publisher={American Astronomical Society},
	author={Hlozek, Renée and Dunkley, Joanna and Addison, Graeme and Appel, John William and Bond, J. Richard and Carvalho, C. Sofia and Das, Sudeep and Devlin, Mark J. and Dünner, Rolando and Essinger-Hileman, Thomas and Fowler, Joseph W. and Gallardo, Patricio and Hajian, Amir and Halpern, Mark and Hasselfield, Matthew and Hilton, Matt and Hincks, Adam D. and Hughes, John P. and Irwin, Kent D. and Klein, Jeff and Kosowsky, Arthur and Marriage, Tobias A. and Marsden, Danica and Menanteau, Felipe and Moodley, Kavilan and Niemack, Michael D. and Nolta, Michael R. and Page, Lyman A. and Parker, Lucas and Partridge, Bruce and Rojas, Felipe and Sehgal, Neelima and Sherwin, Blake and Sievers, Jon and Spergel, David N. and Staggs, Suzanne T. and Swetz, Daniel S. and Switzer, Eric R. and Thornton, Robert and Wollack, Ed},
	year={2012},
	month=mar, pages={90} }

@article{Reid_2010,
	title={Cosmological constraints from the clustering of the Sloan Digital Sky Survey DR7 luminous red galaxies},
	ISSN={1365-2966},
	url={http://dx.doi.org/10.1111/j.1365-2966.2010.16276.x},
	DOI={10.1111/j.1365-2966.2010.16276.x},
	journal={Monthly Notices of the Royal Astronomical Society},
	publisher={Oxford University Press (OUP)},
	author={Reid, Beth A. and Percival, Will J. and Eisenstein, Daniel J. and Verde, Licia and Spergel, David N. and Skibba, Ramin A. and Bahcall, Neta A. and Budavari, Tamas and Frieman, Joshua A. and Fukugita, Masataka and Gott, J. Richard and Gunn, James E. and Ivezić, Željko and Knapp, Gillian R. and Kron, Richard G. and Lupton, Robert H. and McKay, Timothy A. and Meiksin, Avery and Nichol, Robert C. and Pope, Adrian C. and Schlegel, David J. and Schneider, Donald P. and Stoughton, Chris and Strauss, Michael A. and Szalay, Alexander S. and Tegmark, Max and Vogeley, Michael S. and Weinberg, David H. and York, Donald G. and Zehavi, Idit},
	year={2010},
	month=mar }
