@misc{dawid2023modernapplicationsmachinelearning,
	title={Modern applications of machine learning in quantum sciences}, 
	author={Anna Dawid and Julian Arnold and Borja Requena and Alexander Gresch and Marcin Płodzień and Kaelan Donatella and Kim A. Nicoli and Paolo Stornati and Rouven Koch and Miriam Büttner and Robert Okuła and Gorka Muñoz-Gil and Rodrigo A. Vargas-Hernández and Alba Cervera-Lierta and Juan Carrasquilla and Vedran Dunjko and Marylou Gabrié and Patrick Huembeli and Evert van Nieuwenburg and Filippo Vicentini and Lei Wang and Sebastian J. Wetzel and Giuseppe Carleo and Eliška Greplová and Roman Krems and Florian Marquardt and Michał Tomza and Maciej Lewenstein and Alexandre Dauphin},
	year={2023},
	eprint={2204.04198},
	archivePrefix={arXiv},
	primaryClass={quant-ph},
	url={https://arxiv.org/abs/2204.04198}, 
}

@misc{thapar2023applicationsmachinelearningmodelling,
	title={Applications of Machine Learning to Modelling and Analysing Dynamical Systems}, 
	author={Vedanta Thapar},
	year={2023},
	eprint={2308.03763},
	archivePrefix={arXiv},
	primaryClass={cs.LG},
	url={https://arxiv.org/abs/2308.03763}, 
}

@misc{mohammadi2022applicationsmachinelearninghealthcare,
	title={Applications of Machine Learning in Healthcare and Internet of Things (IOT): A Comprehensive Review}, 
	author={Farid Ghareh Mohammadi and Farzan Shenavarmasouleh and Hamid R. Arabnia},
	year={2022},
	eprint={2202.02868},
	archivePrefix={arXiv},
	primaryClass={cs.LG},
	url={https://arxiv.org/abs/2202.02868}, 
}

@article{sklearn,
	author  = {Fabian Pedregosa and Ga{{\"e}}l Varoquaux and Alexandre Gramfort and Vincent Michel and Bertrand Thirion and Olivier Grisel and Mathieu Blondel and Peter Prettenhofer and Ron Weiss and Vincent Dubourg and Jake Vanderplas and Alexandre Passos and David Cournapeau and Matthieu Brucher and Matthieu Perrot and {{\'E}}douard Duchesnay},
	title   = {Scikit-learn: Machine Learning in Python},
	journal = {Journal of Machine Learning Research},
	year    = {2011},
	volume  = {12},
	number  = {85},
	pages   = {2825-2830},
	url     = {http://jmlr.org/papers/v12/pedregosa11a.html}
}

@url{project1,
	author = {Isak Rukan and Edvard Rørnes},
	title = {Application of Regression and Resampling on USGS Terrain Data},
	year = {2024},
	url = {https://github.com/EdvardRornes/FYS-STK4155/blob/main/Project1/project1.pdf}
}

@url{fys-stk,
	author = {Morten Hjort-Jensen},
	title = {Applied Data Analysis and Machine Learning},
	year = {2024},
	url = {https://compphysics.github.io/MachineLearning/doc/LectureNotes/_build/html/teachers.html}
}

@misc{tensorflow2015-whitepaper,
	title={ {TensorFlow}: Large-Scale Machine Learning on Heterogeneous Systems},
	url={https://www.tensorflow.org/},
	note={Software available from tensorflow.org},
	author={
	Mart\'{i}n~Abadi and
	Ashish~Agarwal and
	Paul~Barham and
	Eugene~Brevdo and
	Zhifeng~Chen and
	Craig~Citro and
	Greg~S.~Corrado and
	Andy~Davis and
	Jeffrey~Dean and
	Matthieu~Devin and
	Sanjay~Ghemawat and
	Ian~Goodfellow and
	Andrew~Harp and
	Geoffrey~Irving and
	Michael~Isard and
	Yangqing Jia and
	Rafal~Jozefowicz and
	Lukasz~Kaiser and
	Manjunath~Kudlur and
	Josh~Levenberg and
	Dandelion~Man\'{e} and
	Rajat~Monga and
	Sherry~Moore and
	Derek~Murray and
	Chris~Olah and
	Mike~Schuster and
	Jonathon~Shlens and
	Benoit~Steiner and
	Ilya~Sutskever and
	Kunal~Talwar and
	Paul~Tucker and
	Vincent~Vanhoucke and
	Vijay~Vasudevan and
	Fernanda~Vi\'{e}gas and
	Oriol~Vinyals and
	Pete~Warden and
	Martin~Wattenberg and
	Martin~Wicke and
	Yuan~Yu and
	Xiaoqiang~Zheng},
	year={2015},
}

@url{extrafigures,
	author={Isak Rukan and Edvard Rørnes},
	note={Project 2 additional figures},
	year={2024},
	url={https://github.com/EdvardRornes/FYS-STK4155/tree/main/Project2/Figures},
}